4492 5609
223 772 250 823 nt

224 874 249 923 ut

223 954 248 1027 u

227 1052 240 1129 i

223 1178 245 1231 aa

223 1262 246 1357 ll

224 1383 248 1437 rt

223 1488 249 1539 tu

222 1562 250 1639 .a²

222 1690 249 1743 ta

222 1764 248 1865 p'

222 1894 247 1945 ul

222 1996 245 2063 ll

222 2094 242 2147 sd,

223 2194 243 2249 t·

222 2276 241 2353 l·

222 2376 240 2469 ll

227 2498 238 2580 l

225 2600 238 2663 l

221 2696 236 2757 Ι

221 2802 235 2859 Ι

221 2904 234 2979 l

221 3004 234 3061 Ι

221 3102 234 3179 l

221 3200 230 3299 l

221 3509 231 3583 l

221 3610 231 3667 l

221 3716 229 3769 ι

221 3806 229 3867 t

221 3914 229 3971 Ι

221 3996 229 4073 l

221 4174 227 4237 l

221 4450 226 4497 ι

221 4626 224 4675 l

910 584 1169 689 constrato.
1631 625 1719 719 609.
1826 686 1829 696 f

395 742 1704 783 mm

369 811 418 889 tia
442 803 629 887 uniuersus
651 832 828 887 numerus
855 829 913 887 ter
940 830 1043 888 tanto
1073 812 1197 887 maior
1223 808 1309 898 esi,
1344 837 1455 916 quam
1485 818 1629 915 aliquot
1653 820 1699 900 ab

293 970 295 973 ,
366 910 454 991 hinc
474 907 609 986 seculis
629 909 886 1011 postprimam
911 912 1034 1011 gentis
1056 910 1338 991 conuerlionem
1368 912 1446 994 suit.
1523 920 1699 1018 Accedit,

365 1011 474 1117 quod
500 1010 623 1089 adbuc
653 1013 722 1089 alia
754 1010 927 1089 diteceses
951 1035 993 1090 re
1018 1009 1094 1111 ipsa
1115 1013 1359 1093 contrahendi
1389 1018 1484 1095 ratio
1516 1022 1555 1097 in
1580 1027 1698 1127 Anglia

364 1110 489 1197 nostra
511 1113 623 1192 nobis
643 1110 813 1213 suppetat
830 1113 913 1215 lege
936 1113 1178 1215 prescripta,
1231 1140 1289 1192 uae
1311 1117 1372 1196 lex
1396 1118 1565 1198 nondum
1587 1122 1698 1203 abro-

364 1240 451 1397 pata
467 1213 538 1308 est,
562 1214 713 1315 quando
735 1212 905 1293 videlicet
922 1239 1020 1293 curae
1040 1138 1259 1315 episcopssis
1274 1240 1371 1320 pars
1395 1220 1697 1325 chorepiscopis,

379 1344 424 1399 eu
450 1315 629 1417 episcopis
651 1312 986 1419 suffraganeis‚·vti
1005 1316 1065 1393 lex
1088 1341 1154 1394 eos
1170 1338 1298 1412 vocat,
1324 1320 1544 1421 imponitur.
1595 1324 1697 1430 Quae

365 1417 567 1501 methodus
582 1412 647 1504 est,
667 1418 916 1497 communiter
929 1418 967 1491 in
975 1418 1092 1498 veteri
1106 1417 1252 1507 ecclesia
1268 1420 1306 1495 in
1322 1423 1453 1523 amplis
1468 1423 1696 1521 dioecesrbus,

364 1522 492 1627 quales
516 1542 679 1599 aasiuu
705 1518 742 1597 dt
768 1540 1079 1598 rnaooonart
1105 1541 1229 1614 etant,
1247 1520 1434 1621 usurpata,
1455 1529 1694 1624 quotumillc

363 1648 444 1704 non
463 1623 584 1701 minus
608 1621 876 1723 quinquaginta
897 1615 1189 1719 chorepiscopos
1216 1621 1281 1700 fibi
1306 1623 1515 1721 subiesios,
1547 1627 1694 1726 habuit,

257 1780 260 1787 .
362 1726 494 1807 savera
509 1742 633 1800 narrat
656 1744 926 1807 aasentias
948 1744 1301 1813 uazrauzauust
1327 1723 1505 1831 &praxis
1523 1726 1694 1833 est,quoe

361 1827 447 1907 heic
466 1823 531 1903 sub
552 1820 729 1925 Elisabetha
750 1824 907 1926 regina,
934 1823 972 1903 dt
996 1821 1041 1899 ad
1064 1820 1179 1901 finem
1198 1823 1313 1927 usque
1327 1828 1436 1927 regni
1459 1828 1565 1905 [nait
1585 1828 1692 1911 dura.

360 1929 434 2017 vit;
471 1950 636 2027 quaeque
650 1924 770 2003 rursus
793 1921 1009 2003 reuiuiscere
1030 1922 1177 2021 potest,
1208 1924 1521 2028 quandocumque
1553 1932 1693 2033 episco-

360 2054 432 2135 pus
456 2029 585 2128 aliquis
612 2024 793 2107 dioecefim
818 2025 918 2103 suam
938 2024 1161 2124 ampliorem
1190 2025 1229 2104 dt
1256 2049 1352 2106 onus
1379 2025 1447 2105 sabi
1473 2031 1693 2115 incumbens

360 2134 478 2211 maius
494 2128 565 2211 esse
584 2124 756 2213 senserit,
782 2150 893 2227 quam
910 2122 1042 2227 vtipse
1058 2148 1153 2203 vnus
1166 2123 1263 2204 solus
1277 2128 1311 2211 ei
1327 2124 1487 2207 serundo
1509 2128 1564 2209 fit.
1616 2136 1693 2217 Vn·
1803 2184 1809 2191 ·

360 2232 409 2312 de
431 2229 715 2333 concludimus,
741 2227 1021 2329 'episcoporum
1051 2227 1397 2325 multiplicationem
1421 2229 1460 2310 dt
1478 2230 1692 2314 dioecefium

360 2333 654 2415 contrasit'onetn
677 2331 714 2407 in
744 2326 902 2408 ecclesiis
931 2324 1217 2428 protestantibus
1234 2329 1275 2405 in
1298 2326 1427 2409 iustam
1455 2332 1545 2412 aliua
1577 2338 1692 2417 cuius·

359 2434 445 2515 dnm
460 2432 615 2517 ecclesiae
633 2430 757 2533 episco
788 2430 852 2509 alis
866 2426 1109 2510 offensionem
1126 2432 1315 2509 incurrere
1334 2455 1411 2509 non
1427 2430 1552 2535 polle,
1576 2461 1690 2539 quan·

358 2536 565 2637 doquidem
586 2540 623 2615 in
646 2535 744 2618 eccle
758 2556 793 2613 aa
815 2535 965 2636 antiqua
986 2531 1132 2632 semper
1154 2528 1248 2610 fasir
1271 2531 1381 2615 esi&
1401 2532 1523 2615 adliuc
1548 2537 1587 2616 in
1610 2540 1690 2639 qui·

357 2638 513 2717 busdam
534 2636 692 2719 ecclesiis
709 2634 927 2737 ‚reformatis
950 2630 1019 2731 fit,
1043 2631 1108 2711 vbi
1132 2626 1302 2712 dioceses
1322 2631 1438 2716 hodie
1453 2653 1527 2714 tam
1541 2661 1689 2739 magnae
1787 2685 1790 2692 ι

357 2759 535 2833 manent,
553 2759 598 2815 vt
625 2762 750 2820 earum
776 2758 936 2839 quaque
959 2732 1177 2829 indecem,
1203 2731 1278 2814 sine
1293 2735 1366 2815 vlla
1391 2734 1525 2815 formae
1548 2739 1688 2841 episco·
1740 2801 1743 2807 .

358 2861 467 2945 patus
487 2840 743 2918 immutatione
763 2837 801 2921 dt
822 2836 963 2942 tegulae
983 2833 1143 2915 ecclestae
1172 2834 1361 2929 catholicae
1380 2836 1608 2937 violatione,
1633 2839 1688 2919 di·

357 2940 437 3023 vidi
460 2936 577 3041 poisat.
653 2936 752 3042 Qtae
776 2938 1020 3033 consideratio
1042 2936 1068 3021 si
1091 2935 1137 3015 ad
1160 2935 1388 3041 primitiuum
1415 2940 1585 3044 regimen
1609 2948 1686 3046 epi.

357 3043 504 3147 scopale
520 3044 559 3123 in
575 3040 644 3133 illis
658 3036 814 3119 ecclesiis
829 3038 1058 3135 reformatis,
1082 3064 1166 3141 quae
1185 3037 1260 3117 sine
1274 3063 1321 3115 eo
1342 3036 1461 3123 adhuc
1473 3038 1574 3135 sunt,
1598 3070 1686 3126 con·

357 3142 580 3226 stituendum
596 3140 789 3249 quippiam
810 3140 1007 3223 contulerit
1035 3140 1091 3239 (id
1106 3140 1211 3243 quod
1233 3138 1314 3220 sieri
1329 3138 1473 3239 posset,
1495 3140 1574 3219 siin
1596 3170 1685 3249 qua·

357 3246 444 3327 libet
471 3248 620 3327 maiore*
640 3245 810 3338 ciuitate,
840 3242 985 3319 ciuilem
1014 3242 1216 3343 quemdam
1231 3239 1482 3346 magistratum
1504 3270 1590 3323 cum
1617 3249 1686 3327 mi·

354 3348 513 3429 ‘notibus
534 3345 684 3452 oppidis
708 3343 747 3426 dt
774 3343 863 3423 vicis
884 3340 949 3419 sabi
967 3341 1136 3425 subiesiia
1158 3343 1335 3444 habente,
1357 3367 1441 3447 quae
1462 3346 1611 3447 antiqua
1638 3351 1687 3428 ci·

356 3452 478 3535 vitatis
500 3454 606 3528 notio
631 3467 730 3543 erat,
752 3444 815 3522 vbi
839 3438 1003 3527 officium
1028 3444 1235 3551 episcopale
1254 3446 1299 3527 ab
1314 3444 1491 3548 apostolis
1519 3450 1686 3549 primum

355 3552 633 3647 instituebatur,
669 3546 863 3649 supremus
888 3544 1017 3645 aliquis
1045 3542 1171 3645 pastor
1190 3547 1442 3651 ordinaretur)
1468 3550 1687 3650 operam&

356 3653 524 3737 laborem
545 3676 700 3747 meum,
737 3649 861 3755 quiin
885 3664 943 3725 tot
972 3644 1207 3750 antiquarum
1227 3648 1438 3734 dicecesium
1464 3654 1618 3735 circuitu
1645 3653 1685 3732 dt

356 3754 523 3837 mensura
542 3750 795 3863 patefacienda
815 3769 915 3833 carte
941 3771 1018 3827 non
1041 3745 1133 3825 leuis
1152 3743 1245 3840 suit,
1270 3771 1371 3834 tanto
1385 3752 1574 3853 utiliorem
1599 3752 1684 3835 fore

356 3854 590 3957 existimabo,
614 3880 693 3938 non
710 3872 852 3937 tanturn
868 3848 914 3929 ad
938 3846 1302 3929 commonstrandam
1326 3856 1424 3935 vum
1440 3854 1602 3937 ecclefiae
1623 3880 1684 3937 an·

356 3962 470 4057 tiquae
513 3957 642 4042 ilatum
675 3950 953 4061 cognoscendi,
988 3948 1051 4033 sed
1078 3951 1257 4027 unitatem
1281 3956 1390 4032 etiam
1414 3955 1685 4039 &firmiorem

354 4058 545 4161 praesentis
569 4057 729 4142 eccleslae
758 4054 1058 4138 constitutionem
1085 4048 1350 4151 prouehendi,
1371 4056 1495 4157 cuius,
1518 4086 1597 4142 nou
1623 4085 1685 4141 au·

355 4182 432 4241 tem
452 4160 557 4241 vilius
584 4160 810 4261 particularis
835 4154 1009 4251 ecclesa,
1032 4156 1093 4239 vel
1115 4150 1277 4233 aduersae
1308 4155 1448 4252 partis,
1475 4163 1686 4245 commodis

353 4264 574 4364 ytiiitatique
603 4260 740 4342 seruire
761 4261 799 4338 in
816 4258 990 4345 vniuerso
1016 4257 1091 4337 hoc
1111 4278 1232 4357 opere
1249 4253 1341 4336 mihi
1362 4256 1597 4355 propositum
1624 4263 1685 4349 est,

428 4366 532 4447 Deus
563 4364 662 4463 pacis
692 4359 918 4447 &veritatis
946 4361 1117 4443 omnium
1140 4382 1273 4438 eorum
1302 4364 1459 4434 conatus
1484 4356 1612 4443 studia·

519 4488 594 4574 que
613 4459 840 4571 prosperet,
870 4462 936 4569 qui
958 4486 1036 4540 non
1058 4463 1165 4542 aliam
1198 4480 1363 4544 mentem
1391 4456 1522 4539 voluu-

617 4568 619 4572 ’
792 4580 982 4663 ratemque
1010 4562 1256 4669 susceperunt.
1342 4568 1363 4589 '·

402 4622 711 4775 stagnaque
1140 4661 1294 4742 uana
1600 4656 1693 4741 aa·
