4492 5609
571 654 622 751 ,a
781 660 960 719 oatstuutt
981 614 1307 713 aocumsrrcrnvat
1337 660 1403 711 ιιι.
1418 658 1490 757 Jrr.
1511 658 1586 709 err.
1612 658 1670 709 ιιι.

582 766 1898 799 mmm

482 870 485 875 ·
582 828 668 909 stica
682 848 928 923 vocarentur,
944 823 1213 903 'monasterium
1236 844 1358 902 tamen
1379 822 1484 899 suum
1500 841 1589 899 tunc
1608 822 1839 922 relinquere,
1864 824 1913 903 δι’

583 930 632 1011 ad
654 929 768 1010 uliam
790 927 997 1006 clericalem
1016 923 1091 1003 sele
1112 924 1287 1003 conferre
1307 922 1509 1013 debebant,
1542 946 1591 1003 ex
1613 924 1764 1023 pristina
1778 927 1903 1005 viuen

471 1032 475 1038 ’
514 1063 519 1077 ·
586 1030 784 1109 ditatione
803 1029 843 1106 id
866 1050 1007 1107 tantum
1025 1027 1244 1120 retinentes,
1266 1024 1471 1129 quodcum
1487 1022 1689 1103 necessariis
1707 1024 1905 1105 sacraefun·

587 1132 724 1212 &ionis
748 1128 877 1222 officiis
901 1124 1095 1205 confistere
1116 1146 1275 1228 poterat.
1326 1126 1415 1231 Qua
1429 1122 1476 1205 de
1498 1150 1540 1203 re
1557 1126 1792 1228 procedente
1809 1154 1850 1205 ca
1880 1130 1906 1205 i·
1942 1212 1953 1235 0
1999 1202 2005 1207 .

586 1257 627 1314 te
645 1228 808 1311 diximus
830 1232 866 1329 ἰί)
891 1226 1085 1327 speciatim.
1136 1226 1354 1319 Monpchos
1377 1247 1498 1303 turem
1525 1228 1564 1303 in
1579 1226 1818 1307 'monasteriis
1837 1230 1908 1331 ‚uis

586 1329 853 1439 perseueralle‚
878 1330 1004 1408 &eoi
1032 1330 1073 1407 lo
1093 1348 1266 1430 tempore
1283 1326 1404 1406 officia
1423 1325 1654 1408 eccleliassica
1677 1328 1724 1405 ad
1738 1330 1907 1431 ipsorum

588 1433 814 1513 monasteria*
829 1457 908 1509 non
929 1354 1126 1531 spedantia
1149 1432 1188 1505 in
1205 1430 1243 1509 se
1263 1422 1456 1531 recepiffe,
1486 1429 1552 1505 vix
1571 1428 1649 1507 ullo
1666 1431 1842 1531 exemplo
1859 1456 1907 1513 ex
1950 1472 1954 1493 ι

588 1516 738 1635 antiqba
752 1530 903 1614 historia
910 1532 1064 1632 probari
1075 1532 1229 1707 poterit.
1281 1534 1430 1629 Pelagius
1443 1554 1558 1633 papa,
1573 1554 1647 1609 vta
1663 1554 1902 1613 orarrnuo

588 1644 625 1731 k)
650 1641 799 1737 citatur,
823 1633 1052 1711 monachum
1102 1630 1310 1710 efensorem
1335 1631 1426 1723 effe,
1449 1652 1532 1709 vtut
1557 1630 1634 1709 hoc
1655 1632 1737 1713 leue
1763 1637 1906 1713 tantum

591 1737 756 1818 officium
780 1732 868 1813 eilet
888 1736 927 1809 in
946 1731 1112 1823 ecclelia,
1135 1727 1287 1836 nolebat
1308 1734 1544 1835 permittere;
1586 1732 1692 1833 quod
1715 1735 1802 1815 vitae
1825 1760 1908 1815 mo·

591 1837 736 1919 oasticae
756 1856 962 1938 repugnet,
988 1835 1073 1933 quae‘
1089 1836 1223 1934 quieti,
1247 1834 1648 1933 precibus&manuum
1658 1834 1834 1939 operibus
1844 1837 1909 1915 im·

358 1950 361 1958 ·
406 1946 412 1957 “
541 1972 546 1981 ·
589 1938 708 2045 pendi
726 1936 881 2015 debeat:
919 1960 1036 2035 quum
1057 1957 1188 2015 contra
1218 1932 1383 2015 officium
1402 1933 1658 2025 defensorisin
1680 1936 1907 2041 cognoscen-

591 2040 651 2135 dis
666 2026 812 2129 caullrs,
837 2038 990 2136 aliisque
1007 2035 1146 2117 astibus
1167 2036 1324 2139 publicis
1337 2037 1375 2114 dt
1391 2035 1584 2140 litigiosas,
1608 2034 1798 2133 versetur,
1821 2060 1908 2141 quae

594 2165 656 2222 res
675 2140 782 2217 simul
801 2134 997 2215 consistere
1015 2162 1211 2236 nequeant.
1261 2140 1472 2239 Antequam
1487 2139 1602 2240 igitur
1625 2139 1832 2219 monachus
1846 2140 1909 2219 ali·

595 2244 680 2343 quis
702 2238 929 2318 monasterio
958 2238 1025 2317 suo
1040 2238 1285 2339 valedixisset,
1308 2238 1355 2319 ad
1369 2236 1512 2318 nullum
1537 2238 1721 2320 eiusmodi
1746 2240 1909 2327 officium

591 2344 633 2423 in
654 2338 801 2424 ecclefia
814 2360 891 2420 erat
902 2338 1179 2444 prouehendus.
1200 2392 1205 2401 -
1606 2370 1611 2377 ·

644 2528 654 2543 ,
1247 2461 1359 2546 xlx..

595 2567 702 2653 Nulli
715 2564 889 2652 monachi
906 2568 1127 2679 antiquitus
1149 2462 1192 2649 ab
1206 2567 1323 2676 officia
1343 2568 1509 2671 velitata
1530 2567 1748 2684 clericorum
1755 2563 1911 2673 sacula-

1070 2686 1172 2762 rium
1192 2684 1425 2763 inuolarunt.

701 2801 1008 2879 uurrominus
1021 2801 1070 2876 in
1091 2799 1214 2877 officia
1235 2800 1296 2876 vel
1321 2801 1400 2877 iure
1414 2822 1457 2877 ac
1471 2798 1668 2903 priuilegia
1691 2798 1910 2881 clericorum

480 2948 483 2956 ,
594 2900 821 2982 saemhnun
837 2900 1005 2978 inuolare
1022 2898 1238 3001 permillum
1252 2898 1336 3001 ipsis
1351 2900 1429 3011 fuit.
1480 2900 1576 2979 Non
1590 2905 1690 2979 enim
1713 2906 1752 2980 in
1765 2884 1913 3005 antiqua
1993 2946 2001 2957 =

594 3002 749 3084 historia
760 2999 975 3081 huiusmodi
987 3000 1155 3103 querelas
1180 3003 1410 3097 inuenim'us,
1442 3000 1761 3102 quemadmodum
1780 3007 1818 3081 in
1844 3028 1912 3107 po·

598 3104 814 3188 sterioribus
827 3102 968 3182 saeculis
978 3105 1091 3182 nimis
1102 3101 1318 3200 frequentes
1327 3126 1539 3182 occurrunt.
1634 3106 1914 3210 uumenimple·

597 3198 706 3308 rique
718 3204 895 3287 monachi
907 3228 1011 3287 mere
1023 3204 1105 3282 laici
1119 3204 1255 3299 ellent,
1280 3204 1319 3283 δι
1345 3204 1413 3283 alia
1438 3207 1527 3283 vitae
1547 3203 1586 3283 su
1627 3206 1699 3284 rdia
1723 3208 1913 3288 omnia&

597 3308 760 3402 reditus,
790 3308 857 3409 qui
876 3328 958 3385 non
985 3328 1033 3385 ex
1057 3331 1234 3385 manuum
1255 3305 1400 3385 suarum
1435 3330 1554 3409 opere
1579 3308 1914 3408 (quemadmodum

596 3412 707 3510 supra
722 3404 1193 3503 fufiusdemonibauimus)
1218 3406 1440 3511 prodibant,
1463 3408 1705 3511 repudiarent
1749 3412 1914 3517 negotiis
1975 3446 1981 3455 ·
2062 3406 2063 3465 ἓ

594 3512 638 3591 dt
651 3508 1017 3591 officiisclericorum
1036 3508 1074 3591 se
1091 3510 1308 3691 ingerendi,
1339 3510 1469 3589 velex
1493 3534 1625 3589 eorum
1653 3469 1830 3593 reditibus
1852 3514 1915 3593 ali·

504 3684 511 3697 .
599 3636 726 3693 mento
742 3612 807 3691 fibi
821 3610 1013 3717 captandi,
1039 3615 1125 3793 cupi
1151 3614 1213 3695 ine
1237 3616 1368 3691 tentari
1389 3637 1469 3690 non
1490 3622 1678 3714 poterant.
1736 3614 1784 3693 Et
1806 3612 1913 3717 quod

598 3714 647 3793 ad
663 3739 729 3795 eos
743 3716 891 3803 attinet,
912 3715 978 3817 qui
1028 3740 1086 3793 res
1111 3714 1209 3815 yteri
1232 3716 1293 3794 vel
1312 3714 1461 3793 diaconi
1481 3714 1682 3794 consecrari
1702 3708 1826 3817 ciant,
1859 3716 1913 3797 illi
1957 3716 1962 3735 ⁸

598 3818 661 3899 vel
673 3817 742 3895 soli
756 3739 1056 3897 monisterioddo
1065 3816 1187 3897 officia
1198 3816 1261 3895 lus
1276 3814 1448 3895 addicere
1461 3814 1660 3917 debebant,
1673 3818 1735 3896 vel
1749 3819 1915 3919 alioquin

596 3943 645 4000 ex
660 3919 886 3999 monasteriis
908 3920 957 4003 ab
971 3920 1157 4023 episcopis
1178 3918 1304 4001 adsciti
1322 3939 1445 4013 erant,
1494 3916 1667 4017 adeoque
1683 3918 1915 4000 secularibus

594 4019 757 4101 ecclefiae
780 4020 920 4100 clericis
941 4018 1285 4101 adnumerabdntur.
1354 4042 1539 4098 nauarcvs
1563 4020 1718 4122 quidem
1742 4046 1915 4101 vrrrstvs

458 4142 462 4147 ’
594 4125 700 4204 aliter
711 4145 794 4203 rem
806 4120 842 4203 se
855 4122 1010 4222 habere,
1046 4124 1203 4203 libenter
1222 4120 1333 4201 nobis
1353 4120 1599 4227 periurderet.
1648 4124 1754 4199 Nrm
1779 4123 1914 4203 seculo

635 4310 676 4389 ii)
682 4290 796 4391 Capssll
808 4312 835 4392 p.
842 4311 921 4372 vlu.
927 4330 994 4393 prg.
1000 4328 1038 4391 ²3·
1046 4306 1125 4388 seqq.
1274 4307 1522 4371 labormanuumt
1538 4308 1802 4373 atheiccauilrmm
1811 4309 1914 4392 cogni·

638 4394 898 4471 kiornrimcaoff.
906 4396 983 4457 xv1.
992 4392 1089 4474 quaest.
1102 4396 1125 4455 Ι.
1139 4412 1163 4459 c.
1173 4394 1232 4463 XX.
1273 4394 1324 4471 tio,
1338 4397 1561 4509 conuqntiotrct,
1573 4396 1662 4477 ailus,
1675 4394 1915 4483 publictlitigia,
1957 4424 1959 4429 ·

592 4479 774 4547 omnimoda
784 4479 1034 4544 estilliothabitus
1046 4477 1081 4543 dt
1093 4476 1175 4542 istius
1186 4478 1230 4541 of-
1271 4486 1405 4550 ruera!

590 4566 652 4644 ficu
662 4564 819 4635 diuerfitrn
839 4567 906 4635 illic
922 4566 1106 4649 olimquier,
1119 4566 1228 4646 orado,
